@InProceedings{xie15hed,
  author = {"Xie, Saining and Tu, Zhuowen"},
  Title = {Holistically-Nested Edge Detection},
  Booktitle = "Proceedings of IEEE International Conference on Computer Vision",
  Year  = {2015},
}